@inproceedings{cervone2016towards,
  title={Towards universal rendering in MathJax},
  author={Cervone, D and Krautzberger, P and Sorge, V},
  booktitle={13th W4A},
  year={2016},
  organization={ACM}
}

%%  author = 	 {MathJax Consortium},
@Misc{MathJax2.7,
key = {MathJax},
  title = 	 {{MathJax} v2.7},
  year = 	 2016,
  note = 	 {\url{www.mathjax.org}}
}

@Misc{SRE,
  author = 	 {V Sorge},
  title = 	 {{Speech Rule Engine} Version 3},
  year = 	 2018,
  note = 	 {\url{github.com/zorkow/speech-rule-engine}}
}

@article{maddox2007mathematical,
  title={Mathematical equations in Braille},
  author={Maddox, S},
  journal={MSOR connections},
  volume={7},
  number={2},
  pages={45--48},
  year={2007}
}

@misc{equatio,
author = {TextHelp},
title = {{EquatIO}},
note = {\url{www.texthelp.com/equatio}}
}


@misc{jones2008strategies,
  title={Strategies for Reading Comprehension: Selective Underlining},
  author={Jones, R},
  year={2008},
  publisher={\url{www.readingquest.org/}}
}

@inproceedings{rello2012optimal,
  title={Optimal Colors to Improve Readability for people with Dyslexia},
  author={Rello, L and Baeza-Yates, R},
  booktitle={Text Customization for Readability Symposium},
  year={2012}
  }

@inproceedings{soiffer2005mathplayer,
  title={MathPlayer: web-based math accessibility},
  author={Soiffer, N},
  booktitle={Computers and accessibility},
  pages={204--205},
  year={2005},
  organization={ACM}
}

@article{raman1994aster,
  title={{AsTeR}: Audio system for technical readings},
  author={Raman, TV},
  journal={Information Technology \& Disabilities},
  volume={1},
  year={1994}
}

@InProceedings{Sorge14,
  author =       {V Sorge and C Chen and TV Raman and D Tseng},
  title =        {Towards Making Mathematics a First Class Citizen in General Screen Readers},
  booktitle = {11th W4A},
  year =         2014,
  publisher = {ACM}}


@misc{MathSpeak,
  title={MathSpeak},
  author={Nemeth, A},
  year={2005},
  howpublished = {\url{www.gh-mathspeak.com}}
}

@article{frankel2016development,
  title={Development and initial evaluation of the ClearSpeak style for automated speaking of algebra},
  author={Frankel, L and Brownstein, B and Soiffer, N and Hansen, E},
  journal={ETS Research Report Series},
  volume=2016,
  number=2,
  pages={1--43},
  year=2016,
  publisher={Wiley Online Library}
}

@book{nemeth1972nemeth,
  title={The Nemeth Braille code for mathematics and science notation},
  author={Nemeth, A},
  year={1972},
  publisher={Library of Congress}
}

@Misc{web1,
  key =       {web1},
  howpublished = {\url{www.smashingmagazine.com/2013/07/08/choosing-a-responsive-image-solution/}}
  }

@Misc{smashSvg,
  key =       {smashSvg},
  howpublished = 
{\url{www.smashingmagazine.com/2014/03/05/rethinking-responsive-svg/}}
  }

@Misc{zurbTable,
  key =       {zurbTable},
  howpublished = {\url{zurb.com/playground/projects/responsive-tables/index.html}}
  }

@inproceedings{karshmer2007mathematics,
  title={Mathematics and accessibility: A survey},
  author={Karshmer, Arthur and Gupta, Gopal and Pontelli, Enrico},
  booktitle={Proc. 9th International Conference on Computers Helping People with Special Needs},
  volume=3118,
  pages={664--669},
  year=2007,
  publisher={Springer},
  series={LNCS}  
}
